@book{adams1995hitchhiker,
  title={The Hitchhiker's Guide to the Galaxy},
  author={Adams, D.},
  isbn={9781417642595},
  url={http://books.google.com/books?id=W-xMPgAACAAJ},
  year={1995},
  publisher={San Val}
}

@book{Leo,
	author = {Leo, W. R.},
	title = {Techniques for Nuclear and Particle Physics Experiments: A How to Approach},
	journal = {Berlin, Germany: Springer (1987) 368 p},
	year = {1987},
	ISBN = {9783540572800}
}

@book{latexcompanion,
    author    = "Michel Goossens and Frank Mittelbach and Alexander Samarin",
    title     = "The \LaTeX\ Companion",
    year      = "1993",
    publisher = "Addison-Wesley",
    address   = "Reading, Massachusetts"
}

@manual{CAEN,
	author	= {CAEN},
	title = {User Manual, UM3350 V1751/VX1751, 4/8 Channels 10bit 2/1 GS/s Digitizer},
	date = {June 12th, 2017},
	year = {2017},
	language = {English},
	version = {16},
	organization = {CAEN},
	pagetotal = {70},
	pubstate ={published}
}

@article{Spectrum,
author = {Pini, A. and Tate, G. and Rovini, O.},
title = {An Introduction to Modular Waveform Digitizers},
url = {https://spectrum-instrumentation.com/sites/default/files/download/an_waveformdigitizers_introduction.pdf},
pagetotal = {6},
pubstate ={published},
organization = {Spectrum}
}

@misc{WaveDump,
author ={CAEN},
title = {WaveDump},
note = {version 3.8.1},
year = {2018},
}